@INPROCEEDINGS{swtools,
	AUTHOR       = "Nick Jones and Mark. R. Fahey",
	TITLE        = "Design, Implementation, and Experiences of Third-Party Software Administration at the ORNL NCCS",
	BOOKTITLE    = "Proceedings of the 50th Cray User Group (CUG08)",
	ORGANIZATION = "Oak Ridge National Laboratory",
	MONTH        = "May",
	YEAR         = 2008 }

@ONLINE{spack,
	AUTHOR       = {Todd Gamblin and et al},
	TITLE        = {Spack: A flexible package manager designed to support multiple versions, configurations, platforms, and compilers.},
	YEAR         = 2015,
	URL          = {https://github.com/scalability-llnl/spack},
	URLDATE      = {2015-08-12},
	NOTE         = {Accessed: 2015-08-12} }

@ONLINE{hashdist,
	AUTHOR       = {Dag Sverre Seljebotn and et al},
	TITLE        = {HashDist: Build it Once},
	YEAR         = 2015,
	URL          = {https://github.com/hashdist/hashdist},
	URLDATE      = {2015-08-12},
	NOTE         = {Accessed: 2015-08-12} }

@ONLINE{homebrew,
	AUTHOR       = {Max Howell and et al},
	TITLE        = {Homebrew. The missing package manager for OS X. http://brew.sh/},
	YEAR         = 2015,
	URL          = {http://brew.sh/},
	URLDATE      = {2015-08-12},
	NOTE         = {Accessed: 2015-08-12} }

@INPROCEEDINGS{EasyBuild,
	AUTHOR       = "Kenneth Hoste and Jens Timmerman and Andy Georges and Stijn De Weirdt",
	TITLE        = "EasyBuild: Building Software With Ease.",
	BOOKTITLE    = "High Performance Computing, Networking, Storage and Analysis (SCC)",
	ORGANIZATION = "Ghent University",
	MONTH        = "November",
	YEAR         = 2012 }
